@article{barak2012obf,
	author = {Barak, Boaz and Goldreich, Oded and Impagliazzo, Russell and
Rudich, Steven and Sahai, Amit and Vadhan, Salil and Yang, Ke},
	title = {On the (Im)Possibility of Obfuscating Programs},
  journal = {Journal of the ACM},
  issue_date = {April 2012},
  volume = {59},
  number = {2},
  year = {2012},
  url = {http://doi.acm.org/10.1145/2160158.2160159},
}

@misc{davidson2017obf,
	author = {Alex Davidson},
  title = {Obfuscation of Bloom Filter Queries from Ring-LWE},
  howpublished = {Cryptology ePrint Archive, Report 2017/448},
  year = {2017},
  note = {\url{http://eprint.iacr.org/2017/448}},
}

@inproceedings{brakerski2016obf,
  author = {Brakerski, Zvika and Vaikuntanathan, Vinod and Wee, Hoeteck and Wichs, Daniel},
  title = {Obfuscating Conjunctions Under Entropic Ring LWE},
	booktitle = {ITCS 2016: Proceedings of the 2016 ACM Conference on Innovations
	in Theoretical Computer Science},
	year = {2016},
  url = {http://doi.acm.org/10.1145/2840728.2840764},
}

@misc{katz2017struct,
  author = {Jonathan Katz and Christopher Patton and Thomas Shrimpton},
  title = {Security Notions for Data Structures},
  howpublished = {In submission to ASIACRYPT 2017}
}

@inproceedings{bellare2016nonce,
  author="Bellare, Mihir
    and Tackmann, Bj{\"o}rn",
  title="Nonce-Based Cryptography: Retaining Security When Randomness Fails",
  bookTitle="EUROCRYPT 2016: Proceedings of the 35th Annual International
    Conference on the Theory and Applications of Cryptographic Techniques",
  year="2016",
  url="http://dx.doi.org/10.1007/978-3-662-49890-3_28"
}

@inproceedings{charles2008bloomier2,
  author="Charles, Denis
  and Chellapilla, Kumar",
  title="Bloomier Filters: A Second Look",
  bookTitle="Algorithms -- ESA 2008: Proceedings of the 16th Annual European Symposium",
  year="2008",
  url="http://dx.doi.org/10.1007/978-3-540-87744-8_22"
}

@inproceedings{havas1994graphs,
	author="Havas, George
	and Majewski, Bohdan
	and Wormald, Nicholas
	and Czech, Zbigniew",
	title={Graphs, Hypergraphs and Hashing},
  bookTitle={Graph-Theoretic Concepts in Computer Science: Proceedings of the
    19th International Workshop},
	year="1994",
	url="http://dx.doi.org/10.1007/3-540-57899-4_49"
}
