@inproceedings{goldwasser1982ss,
  author="Goldwasser, Shafi and Micali, Silvio",
  title="Probabilistic Encryption and How to Play Mental Poker Keeeping Secret All Partial Information",
  bookTitle="STOC 1982: Proceedings of the 14th Annual ACM Symposium on the Theory of Computing",
  year="1982",
}
% url="http://dx.doi.org/10.1007/978-3-662-49890-3_28"

@article{barak2012obf,
	author = {Barak, Boaz and Goldreich, Oded and Impagliazzo, Russell and
Rudich, Steven and Sahai, Amit and Vadhan, Salil and Yang, Ke},
	title = {On the (Im)Possibility of Obfuscating Programs},
  journal = {Journal of the ACM},
  issue_date = {April 2012},
  volume = {59},
  number = {2},
  year = {2012},
}
%  url = {http://doi.acm.org/10.1145/2160158.2160159},

@misc{davidson2017obf,
	author = {Alex Davidson},
  title = {Obfuscation of Bloom Filter Queries from Ring-LWE},
  howpublished = {Cryptology ePrint Archive, Report 2017/448},
  year = {2017},
  note = {\url{http://eprint.iacr.org/2017/448}},
}

@inproceedings{brakerski2016obf,
  author = {Brakerski, Zvika and Vaikuntanathan, Vinod and Wee, Hoeteck and Wichs, Daniel},
  title = {Obfuscating Conjunctions Under Entropic Ring LWE},
	booktitle = {ITCS 2016: Proceedings of the 2016 ACM Conference on Innovations
	in Theoretical Computer Science},
	year = {2016},
}
%  url = {http://doi.acm.org/10.1145/2840728.2840764},

@inproceedings{bellare2016nonce,
  author="Bellare, Mihir
    and Tackmann, Bj{\"o}rn",
  title="Nonce-Based Cryptography: Retaining Security When Randomness Fails",
  bookTitle="EUROCRYPT 2016: Proceedings of the 35th Annual International
    Conference on the Theory and Applications of Cryptographic Techniques",
  year="2016",
}
% url="http://dx.doi.org/10.1007/978-3-662-49890-3_28"

@inproceedings{havas1994graphs,
	author="Havas, George
	and Majewski, Bohdan
	and Wormald, Nicholas
	and Czech, Zbigniew",
	title={Graphs, Hypergraphs and Hashing},
  bookTitle={Graph-Theoretic Concepts in Computer Science: Proceedings of the
    19th International Workshop},
	year="1994",
}
%url="http://dx.doi.org/10.1007/3-540-57899-4_49"

@article{bloom1970space,
  title = "Space/time trade-offs in hash coding with allowable errors",
  author = "Bloom, Burton H.",
  journal = "Communications of the ACM",
  volume = {13},
  number = {7},
  year = {1970},
  publisher = {ACM}
}

@article{kirsch2006less,
  author = {Kirsch, Adam and Mitzenmacher, Michael},
  title = {Less Hashing, Same Performance: {B}uilding a Better {B}loom Filter},
  journal = {Random Structures and Algorithms},
  volume = {33},
  number = {2},
  year = {2008},
}
%url = {http://dx.doi.org/10.1002/rsa.v33:2},

@article{niedermeyer2014cryptanalysis,
  title={Cryptanalysis of Basic {B}loom Filters Used for Privacy Preserving Record Linkage},
  author={Niedermeyer, Frank and Steinmetzer, Simone and Kroll, Martin and Schnell, Rainer},
  journal={Journal of Privacy and Condentiality},
  volume={6},
  number={2},
  year={2014}
}

@article{broder2004network,
	author = {Andrei Broder and Michael Mitzenmacher},
	title = {Network Applications of {B}loom Filters: A Survey},
	journal = {Internet Mathematics},
	volume = {1},
	number = {4},
	year = {2004},
}
%URL = {http://dx.doi.org/10.1080/15427951.2004.10129096},

@article{lipton1993clocked,
	author="Lipton, Richard J.
	and Naughton, Jeffrey F.",
	title= {Clocked Adversaries for Hashing},
	journal="Algorithmica",
	year="1993",
	volume="9",
	number="3",
}
%	url="http://dx.doi.org/10.1007/BF01190898"

@article{mitzenmacher2002compressed,
  author={Michael Mitzenmacher},
  journal={IEEE/ACM Transactions on Networking},
  title={Compressed {B}loom filters},
  year={2002},
  volume={10},
  number={5},
}
%  doi={10.1109/TNET.2002.803864},

@article{tarkoma2012theory,
	author={Sasu Tarkoma and Christian Rothenberg and Eemil Lagerspetz},
	journal={IEEE Communications Surveys and Tutorials},
	title={Theory and Practice of {B}loom Filters for Distributed Systems},
	year={2012},
	volume={14},
	number={1},
}
%	doi={10.1109/SURV.2011.031611.00024},

@article{mironov2011sketching,
  author = {Mironov, Ilya and Naor, Moni and Segev, Gil},
  title = {Sketching in Adversarial Environments},
  journal = {SIAM Journal on Computing},
  volume = {40},
  number = {6},
  year = {2011},
}
%  url = {http://dx.doi.org/10.1137/080733772},

@article{nojima2009cryptographically,
  title={Cryptographically Secure {B}loom-Filters.},
  author={Nojima, Ryo and Kadobayashi, Youki},
  journal={Transactions on Data Privacy},
  volume={2},
  number={2},
  year={2009}
}

@inproceedings{bellare1993rom,
 author = {Bellare, Mihir and Rogaway, Phillip},
 title = {Random Oracles Are Practical: A Paradigm for Designing Efficient Protocols},
 booktitle = {CCS 1993: Proceedings of the 1st ACM Conference on Computer and Communications Security},
 year = {1993},
}
% url = {http://doi.acm.org/10.1145/168588.168596},

@inproceedings{bellare2006triple,
 author = {Bellare, Mihir and Rogaway, Phillip},
 title = {The Security of Triple Encryption and a Framework for Code-based
   Game-playing Proofs},
 booktitle = {EUROCRYPT 2006: Proceedings of the 24th
   Annual International Conference on The Theory and Applications of
   Cryptographic Techniques},
 year = {2006},
}
% url = {http://dx.doi.org/10.1007/11761679_25},

@inproceedings{tamassia2003authenticated,
	author="Tamassia, Roberto",
	editor="Di Battista, Giuseppe
	and Zwick, Uri",
	title="Authenticated Data Structures",
	booktitle="ESA 2003: Proceedings of the 11th Annual European Symposium on
    Algorithms",
	year="2003",
}

@inproceedings{Unruh2007romaux,
  author="Unruh, Dominique",
  title="Random Oracles and Auxiliary Input",
  booktitle="CRYPTO 2007: Proceedings of the 27th
    Annual International Cryptology Conference",
  year="2007",
}

@inproceedings{dodis2017filling,
	author="Dodis, Yevgeniy
	and Guo, Siyao
	and Katz, Jonathan",
	title="Fixing Cracks in the Concrete: Random Oracles with Auxiliary Input, Revisited",
  bookTitle="EUROCRYPT 2017: Proceedings of the 36th
    Annual International Conference on the Theory and Applications of
    Cryptographic Techniques",
	year="2017",
}

@inproceedings{bellare2009hedged,
 author = {Bellare, Mihir and Brakerski, Zvika and Naor, Moni and Ristenpart,
   Thomas and Segev, Gil and Shacham, Hovav and Yilek, Scott},
 title = {Hedged Public-Key Encryption: How to Protect Against Bad Randomness},
 booktitle = {ASIACRYPT 2009: Proceedings of the 15th
   International Conference on the Theory and
   Application of Cryptology and Information Security},
 year = {2009},
}

@inproceedings{gerbet2015power,
	author={Thomas Gerbet and Amrit Kumar and C\'{e}dric Lauradoux},
  booktitle={Proceedings of the 45th Annual IEEE/IFIP International Conference
    on Dependable Systems and Networks},
	title={The Power of Evil Choices in {B}loom Filters},
	year={2015},
}
%	doi={10.1109/DSN.2015.21},

@inproceedings{charles2008bloomier2,
  author="Charles, Denis
  and Chellapilla, Kumar",
  title="Bloomier Filters: A Second Look",
  bookTitle="ESA 2008: Proceedings of the 16th Annual European Symposium on
    Algorithms",
  year="2008",
}
%  url="http://dx.doi.org/10.1007/978-3-540-87744-8_22"

@inproceedings{gao2006internet,
  author = {Gao, Yan and Deng, Leiwen and Kuzmanovic, Aleksandar and Chen, Yan},
  title = {Internet Cache Pollution Attacks and Countermeasures},
  booktitle = {ICNP 2006: Proceedings of the 2006 IEEE International Conference
    on Network Protocols},
  year = {2006},
}

@inproceedings{chazelle2004bloomier,
  author = {Chazelle, Bernard and Kilian, Joe and Rubinfeld, Ronitt and Tal, Ayellet},
  title = {The {B}loomier Filter: An Efficient Data Structure for Static Support Lookup Tables},
  booktitle = {SODA 2004: Proceedings of the 15th Annual ACM-SIAM Symposium on Discrete Algorithms},
  year = {2004},
}
%  url = {http://dl.acm.org/citation.cfm?id=982792.982797},

@inproceedings{naor2015bloom,
  author="Naor, Moni
    and Yogev, Eylon",
  title="Bloom Filters in Adversarial Environments",
  bookTitle="CRYPTO 2015: Proceedings of the 35th Annual Cryptology
    Conference",
  year="2015",
}
%  url="http://dx.doi.org/10.1007/978-3-662-48000-7_28"

@inproceedings{crosby2003denial,
  author    = {Scott A. Crosby and
               Dan S. Wallach},
  title     = "Denial of Service via Algorithmic Complexity Attacks",
  booktitle = {Proceedings of the 12th {USENIX} Security Symposium},
  year      = {2003},
}

@misc{schnell2011novel,
  title={A novel error-tolerant anonymous linking code},
  author={Schnell, Rainer and Bachteler, Tobias and Reiher, J{\"o}rg},
  note={Working paper series no.\ WP-GRLC-2011-02, German Record Linkage Center},
  year={2011}
}

@misc{goh2003secure,
    author = {Eu-Jin Goh},
    title = {Secure Indexes},
    howpublished = {Cryptology ePrint Archive, Report 2003/216},
    year = {2003},
    note = {\url{http://eprint.iacr.org/2003/216}},
}

@misc{bellovin2004privacy,
    author = {Steven M. Bellovin and William R. Cheswick},
    title = {Privacy-Enhanced Searches Using Encrypted {B}loom Filters},
    howpublished = {Cryptology ePrint Archive, Report 2004/022},
    year = {2004},
    note = {\url{http://eprint.iacr.org/2004/022}},
}

% FIXME after oakland
@inproceedings{larisch2017crlite,
  title={{CRL}ite: A Scalable System for Pushing All {TLS} Revocations to All Browsers},
  author={James Larisch and David Choffnes and Dave Levin and Bruce M. Maggs and
    Alan Mislove and Christo Wilson},
  booktitle = {The Proceedings of the 38th IEEE Symposium on
    Security and Privacy.},
  year={2017},
}

%%%%%%%%%%%%%%%%%%%%%%%%%%%%%%%%%%%%%%%%%%%%%%%%%%%%%%%%%%%%%%%%%%%%%%%%%%%%%%%%%%%%
% Consider citing
@article{chang2008bigtable,
  title={Bigtable: A distributed storage system for structured data},
  author={Chang, Fay and Dean, Jeffrey and Ghemawat, Sanjay and Hsieh, Wilson C and Wallach, Deborah A and Burrows, Mike and Chandra, Tushar and Fikes, Andrew and Gruber, Robert E},
  journal={ACM Transactions on Computer Systems (TOCS)},
  volume={26},
  number={2},
  pages={4},
  year={2008},
  publisher={ACM}
}

%Be-Ro game playing
@article{bellare2004game,
  title={The game-playing technique},
  author={Bellare, Mihir and Rogaway, Phil},
  journal={International Association for Cryptographic Research (IACR) ePrint Archive: Report},
  volume={331},
  pages={2004},
  year={2004},
  publisher={Citeseer}
}

@inproceedings{DP08a,
  author="Dietzfelbinger, Martin
    and Pagh, Rasmus",
  title="Succinct Data Structures for Retrieval and Approximate Membership
    (Extended Abstract)",
  booktitle="ICALP 2008: Proceedings of the 35th International Colloquium on Automata, Languages
    and Programming",
  year="2008",
}
%url="https://doi.org/10.1007/978-3-540-70575-8_32"

@inproceedings{DF03,
  author="Durand, Marianne
    and Flajolet, Philippe",
  title="Loglog Counting of Large Cardinalities",
  booktitle="ESA 2003: Proceedings of the 11th Annual European Symposium on
    Algorithms",
  year="2003",
}
%url="https://doi.org/10.1007/978-3-540-39658-1_55"



	author="Durand, Marianne
	and Flajolet, Philippe",
	title="Loglog Counting of Large Cardinalities",
	bookTitle="ESA 2003: Proceedings of the 11th Annual European Symposium on
    Algorithms",
	year="2003",
}
%	publisher="Springer Berlin Heidelberg",
%	address="Berlin, Heidelberg",
%	pages="605--617",
%	isbn="978-3-540-39658-1",
%	doi="10.1007/978-3-540-39658-1_55",
%	url="http://dx.doi.org/10.1007/978-3-540-39658-1_55"

%%%%%%%%%%%%%%%%%%%%%%%%%%%%%%%%%%%%%%%%%%%%%%%%%%%%%%%%%%%%%%%%%%%%%%%%%%%%%%%%%%%%
% Not cited by current version
%
%Counting Bloom filter
@article{fan2000summary,
  title={Summary cache: A scalable wide-area web cache sharing protocol},
  author={Fan, Li and Cao, Pei and Almeida, Jussara and Broder, Andrei Z},
  journal={IEEE/ACM Transactions on Networking},
  volume={8},
  number={3},
  year={2000},
}

%Cuckoo filter
@inproceedings{fan2014cuckoo,
  title={Cuckoo filter: Practically better than bloom},
  author={Bin Fan and David G. Andersen and Michael Kaminsky and Michael D. Mitzenmacher},
  booktitle={Proceedings of the 10th ACM International Conference on Emerging Networking Experiments and Technologies},
  year={2014},
}


%P2P keyword searching
@inproceedings{reynolds2003efficient,
  title={Efficient peer-to-peer keyword searching},
  author={Reynolds, Patrick and Vahdat, Amin},
  booktitle={Proceedings of the ACM/IFIP/USENIX 2003 International Conference on Middleware},
  year={2003},
}

%Ensuring TCP fairness in non-responsive flows(SFB)
@inproceedings{feng2001stochastic,
  author    = {Wu{-}chang Feng and
               Dilip D. Kandlur and
               Debanjan Saha and
               Kang G. Shin},
  title     = {Stochastic Fair Blue: {A} Queue Management Algorithm for Enforcing
               Fairness},
  booktitle={INFOCOM 2001: Proceedings of the 20th Annual Joint Conference of
    the IEEE Computer and Communications Society},
  year      = {2001},
}

@article{almeida2007scalable,
  title={Scalable {B}loom filters},
  author={Almeida, Paulo S{\'e}rgio and Baquero, Carlos and Pregui{\c{c}}a, Nuno and Hutchison, David},
  journal={Information Processing Letters},
  volume={101},
  number={6},
  year={2007},
  publisher={Elsevier}
}

%Count-min sketch
@article{cormode2005improved,
  title={{A}n improved data stream summary: {T}he count-min sketch and its applications},
  author={Cormode, Graham and Muthukrishnan, S},
  journal={Journal of Algorithms},
  volume={55},
  number={1},
  year={2005},
}

%Bitcoin
@inproceedings{gervais2014privacy,
  title={On the privacy provisions of {B}loom filters in lightweight {B}itcoin clients},
  author={Gervais, Arthur and Capkun, Srdjan and Karame, Ghassan O and Gruber, Damian},
  booktitle={ACSAC 2014: Proceedings of the 30th Annual Computer Security Applications Conference},
  year={2014},
}

%hash-based IP-traceback systems and Web cache sharing


%Content delivery
@article{byers2002informed,
  author = {Byers, John W. and Considine, Jeffrey and Mitzenmacher, Michael and
  Rost, Stanislav},
  title = {Informed Content Delivery Across Adaptive Overlay Networks},
  journal = {IEEE/ACM Trans. Netw.},
  volume = {12},
  number = {5},
  year = {2004},
}
%url = {http://dx.doi.org/10.1109/TNET.2004.836103},



@inproceedings{kerschbaum2011public,
  title={Public-key encrypted bloom filters with applications to supply chain integrity},
  author={Kerschbaum, Florian},
  booktitle={IFIP Annual Conference on Data and Applications Security and Privacy},
  pages={60--75},
  year={2011},
  organization={Springer}
}

@inproceedings{sarela2010bloomcasting,
  title={BloomCasting: security in Bloom filter based multicast},
  author={S{\"a}rel{\"a}, Mikko and Rothenberg, Christian Esteve and Zahemszky, Andr{\'a}s and Nikander, Pekka and Ott, J{\"o}rg},
  booktitle={Nordic Conference on Secure IT Systems},
  pages={1--16},
  year={2010},
  organization={Springer}
}

@article{durham2014composite,
  title={Composite bloom filters for secure record linkage},
  author={Durham, Elizabeth A and Kantarcioglu, Murat and Xue, Yuan and Toth, Csaba and Kuzu, Mehmet and Malin, Bradley},
  journal={IEEE transactions on knowledge and data engineering},
  volume={26},
  number={12},
  pages={2956--2968},
  year={2014},
  publisher={IEEE}
}

%Tangential
@inproceedings{chang2005privacy,
  title={Privacy preserving keyword searches on remote encrypted data},
  author={Chang, Yan-Cheng and Mitzenmacher, Michael},
  booktitle={International Conference on Applied Cryptography and Network Security},
  pages={442--455},
  year={2005},
  organization={Springer}
}

@inproceedings{mitzenmacher2008simple,
  title={Why simple hash functions work: exploiting the entropy in a data stream},
  author={Mitzenmacher, Michael and Vadhan, Salil},
  booktitle={Proceedings of the nineteenth annual ACM-SIAM symposium on Discrete algorithms},
  pages={746--755},
  year={2008},
  organization={Society for Industrial and Applied Mathematics}
}

@inproceedings{dodis2004fuzzy,
  title={Fuzzy extractors: How to generate strong keys from biometrics and other noisy data},
  author={Dodis, Yevgeniy and Reyzin, Leonid and Smith, Adam},
  booktitle={International Conference on the Theory and Applications of Cryptographic Techniques},
  pages={523--540},
  year={2004},
  organization={Springer}
}

%NY citations from their introduction
@inproceedings{zhu2004hierarchical,
  title={Hierarchical {B}loom filter arrays ({HBA}): {A} novel, scalable metadata management system for large cluster-based storage},
  author={Zhu, Yifeng and Jiang, Hong and Wang, Jun},
  booktitle={Proceedings of the  2004 IEEE International Conference on Cluster
    Computing},
  year={2004},
}

@inproceedings{dharmapurikar2003deep,
  title={Deep packet inspection using parallel bloom filters},
  author={Dharmapurikar, Sarang and Krishnamurthy, Praveen and Sproull, Todd and Lockwood, John},
  booktitle={High performance interconnects, 2003. proceedings. 11th symposium on},
  pages={44--51},
  year={2003},
  organization={IEEE}
}

@article{mullin1990optimal,
  title={Optimal semijoins for distributed database systems},
  author={Mullin, James K.},
  journal={IEEE Transactions on Software Engineering},
  volume={16},
  number={5},
  pages={558--560},
  year={1990},
  publisher={IEEE}
}

@inproceedings{yan2006enhancing,
  title={Enhancing Collaborative Spam Detection with Bloom Filters.},
  author={Yan, Jeff and Cho, Pook Leong},
  booktitle={ACSAC},
  volume={6},
  pages={414--428},
  year={2006}
}

@inproceedings{li2006fast,
  title={Fast statistical spam filter by approximate classifications},
  author={Li, Kang and Zhong, Zhenyu},
  booktitle={ACM SIGMETRICS Performance Evaluation Review},
  volume={34},
  number={1},
  pages={347--358},
  year={2006},
  organization={ACM}
}

@inproceedings{naor2013sliding,
  title={Sliding bloom filters},
  author={Naor, Moni and Yogev, Eylon},
  booktitle={International Symposium on Algorithms and Computation},
  pages={513--523},
  year={2013},
  organization={Springer}
}

@inproceedings{deng2006approximately,
  title={Approximately detecting duplicates for streaming data using stable bloom filters},
  author={Deng, Fan and Rafiei, Davood},
  booktitle={Proceedings of the 2006 ACM SIGMOD international conference on Management of data},
  pages={25--36},
  year={2006},
  organization={ACM}
}

@article{manber1994algorithm,
  title={An algorithm for approximate membership checking with application to password security},
  author={Manber, Udi and Wu, Sun},
  journal={Information Processing Letters},
  volume={50},
  number={4},
  pages={191--197},
  year={1994},
  publisher={Elsevier}
}

@inproceedings{zhang2008detecting,
  title={Detecting click fraud in pay-per-click streams of online advertising networks},
  author={Zhang, Linfeng and Guan, Yong},
  booktitle={Distributed Computing Systems, 2008. ICDCS'08. The 28th International Conference on},
  pages={77--84},
  year={2008},
  organization={IEEE}
}

@inproceedings{hardt2013robust,
  title={How robust are linear sketches to adaptive inputs?},
  author={Hardt, Moritz and Woodruff, David P},
  booktitle={Proceedings of the 45th annual ACM symposium on the Theory of Computing},
  year={2013},
  organization={ACM}
}

@article{fredman1984storing,
  author = {Fredman, Michael L. and Koml\'{o}s, J\'{a}nos and Szemer{\'e}di,
  Endre},
  title = {Storing a Sparse Table with $0(1)$ Worst Case Access Time},
  journal = {Journal of the ACM},
  volume = {31},
  number = {3},
  year = {1984},
}
  url = {http://doi.acm.org/10.1145/828.1884},

@inproceedings{oechslin2003rainbow,
  author = {Philippe Oechslin},
  title = {Making a Faster Cryptanalytic Time-Memory Trade-Off},
  booktitle={CRYPTO 2003: Proceedings of the 23rd Annual International
    Cryptology Conference},
  year = {2003}
}

@inproceedings{rindal2017improved,
  author="Rindal, Peter
    and Rosulek, Mike",
  title="Improved Private Set Intersection Against Malicious Adversaries",
  booktitle="EUROCRYPT 2017: Proceedings of the 36th Annual International
    Conference on the Theory and Applications of Cryptographic Techniques",
  year="2017",
}
%url="https://doi.org/10.1007/978-3-319-56620-7_9"

@inproceedings{dong2013when,
  author = {Dong, Changyu and Chen, Liqun and Wen, Zikai},
  title = {When private set intersection meets big data: an efficient and
  scalable protocol},
  booktitle = {CCS 2013: Proceedings of the 2013 ACM SIGSAC Conference on Computer
  and Communications Security},
  year = {2013},
}
%url = {http://doi.acm.org/10.1145/2508859.2516701},
